
@article{carrol.qc,
  author = {Carroll ,Thomas and Liang, Ziwei and Salama, Rafik and
                  Stark, Rory and de Santiago, Ines},
  title = {Impact of artifact removal on ChIP quality metrics in
                  ChIP-seq and ChIP-exo data},
  journal = {Frontiers in Genoetics, Bioinformatics and Computational
                  Biology},
  year = 2014}

@article{gem,
  author = {Guo, Yuchun and Mahony, Shaun and Gifford, David},
  title = {High resolution genome wide binding event finding and Motif
                  discovery reals transcription factor spatial
                  bindings constraints},
  journal = {PlOS, Computational Biology},
  year = 2012}

@article{exo1.pugh,
  author = {Rhee, Ho Sung and Pugh, Franklin},
  title = {Comprehensive genome-wide protein-DNA interactions detected
                  at single-nucleotide resolution},
  journal = {Cell},
  year = 2011}

@article{exo2.pugh,
  author = {Rhee, Ho Sung and Pugh, Franklin},
  title = {ChIP-exo A method to identify genomic location of
                  DNA-binding proteins at near single nucleotide
                  accuracy},
  journal = {Current Protocols in Molecular Biology},
  year = 2012}

@article{Serandour,
  author = {Serandour, Aurelien and Gordon, Brown and Cohen, Joshua
                  and Carroll, Jason},
  title = {Development of and Illumina-based ChIP-exonuclease method
                  provides insight into FoxA1-DNA binding properties},
  journal = {Genome Biology},
  year = 2013}

@article{mendenhall,
  author = {Mendenhall,Eric and Bernstein, Bradley},
  title = {DNA-protein interactions in high definition},
  journal = {Genome Biology},
  year = 2012}

@article{mace,
  author = {Wang, Liguo and Chen, Junsheng and Wang, Chen and
                  Uusk\"{u}la-Reimand, Liis and Chen, Kaifu and
                  Medina-Rivera, Alejandra and Young, Edwin and
                  Zimmermann, Michael and Yan, Huihuang and Sun, Zhifu
                  and Zhang, Yuji and Wu, Stephen and Huang, Haojie
                  and Wilson, Michael and Kocher, Jean-Pierre and Li,
                  Wei},
  title = {MACE: model based analysis of ChIP-exo},
  journal = {Nucleic Acid Research}, 
  year = 2014}

@article{dpeak,
  author = {Chung, Dongjun and Park, Dan and Myers, Kevin and Grass,
                  Jeffrey and Kiley, Patricia and Landick, Robert and
                  Kele\c{s}, S\"{u}nd\"{u}z},
  title = {dPeak, High Resolution Identification of Transcription
                  Factor Binding Sites from PET and SET ChIP-Seq Data},
  journal = {PlOS, Computational Biology},
  year = 2013}
