
@article{carrol.qc,
  author = {Carroll ,Thomas and Liang, Ziwei and Salama, Rafik and
                  Stark, Rory and de Santiago, Ines},
  title = {Impact of artifact removal on ChIP quality metrics in
                  ChIP-seq and ChIP-exo data},
  journal = {Frontiers in Genoetics, Bioinformatics and Computational
                  Biology},
  year = 2014}

@article{gem,
  author = {Guo, Yuchun and Mahony, Shaun and Gifford, David},
  title = {High resolution genome wide binding event finding and Motif
                  discovery reals transcription factor spatial
                  bindings constraints},
  journal = {PlOS, Computational Biology},
  year = 2012}

@article{exo1,
  author = {Rhee, Ho Sung and Pugh, Franklin},
  title = {Comprehensive genome-wide protein-DNA interactions detected
                  at single-nucleotide resolution},
  journal = {Cell},
  year = 2011}

@article{exo2,
  author = {Rhee, Ho Sung and Pugh, Franklin},
  title = {ChIP-exo A method to identify genomic location of
                  DNA-binding proteins at near single nucleotide
                  accuracy},
  journal = {Current Protocols in Molecular Biology},
  year = 2012}

@article{exo3,
  author = {Rhee, Ho Sund and Pugh, Franklin},
  tittle = {Genome-wide structure and organization of eukaryotic
                  pre-initiation complexes},
  journal = {Nature},
  year = 2012}

@article{exoillumina,
  author = {Serandour, Aurelien and Gordon, Brown and Cohen, Joshua
                  and Carroll, Jason},
  title = {Development of and Illumina-based ChIP-exonuclease method
                  provides insight into FoxA1-DNA binding properties},
  journal = {Genome Biology},
  year = 2013}

@article{exo_gb,
  author = {Mendenhall,Eric and Bernstein, Bradley},
  title = {DNA-protein interactions in high definition},
  journal = {Genome Biology},
  year = 2012}

@article{mace,
  author = {Wang, Liguo and Chen, Junsheng and Wang, Chen and
                  Uusk\"{u}la-Reimand, Liis and Chen, Kaifu and
                  Medina-Rivera, Alejandra and Young, Edwin and
                  Zimmermann, Michael and Yan, Huihuang and Sun, Zhifu
                  and Zhang, Yuji and Wu, Stephen and Huang, Haojie
                  and Wilson, Michael and Kocher, Jean-Pierre and Li,
                  Wei},
  title = {MACE: model based analysis of ChIP-exo},
  journal = {Nucleic Acid Research}, 
  year = 2014}

@article{dpeak,
  author = {Chung, Dongjun and Park, Dan and Myers, Kevin and Grass,
                  Jeffrey and Kiley, Patricia and Landick, Robert and
                  Kele\c{s}, S\"{u}nd\"{u}z},
  title = {dPeak, High Resolution Identification of Transcription
                  Factor Binding Sites from PET and SET ChIP-Seq Data},
  journal = {PlOS, Computational Biology},
  year = 2013}

@article{dpeak2,
  author = {Chung, Dongjun and Welch, Rene and Ong, Irene and Grass,
                  Jeffrey and Kiley, Patricia and Landick, Robert and
                  Kele\c{s}, S\"{u}nd\"{u}z},
  title = {High Resolution Identification of Protein-DNA Binding
                  Events using ChIP-exo and dPeak},
  journal = {Manuscript},
  year  = {To appear}} 


@article{maplot1,
  author = {Irizarry, Rafael and Hobbs, Bridget and Collin, Francois
                  and Beazer-Barclay, Yasmin and Antonellis, Kristen
                  and Scherf, Uwe and Speed, Terence},
  title = {Exploration, normalization, and summaries of high density
                  oligonucleotide array probe level data},
  journal = {Biostatistics},
  year  = 2003}

@article{maplot2,
  author = {Bolstad, Benjamin and Irizarry, Rafael and \^{A}strand,
                  Magnus and Speed, Terence},
  title = {A comparison of normalization methods for high density
                  oligonucleotide array data based on variance and
                  bias},
  journal = {Bioinformatics},
  year = 2003}

@artile{strandcc,
  author = {Kharchenko, Peter and Tolstorukov, Michael and Park,
                  Peter},
  title = {Design and analysis of ChIP-seq experiments for DNA-binding
                  proteins},
  journal = {Nature, Biotechnology},
  year = 2008}

@article{rnaseqc,
  author = {DeLuca, David and Levin, Joshua and Sivachenko, Andrei and
                  Fennell, Timothy and Nazaire, Marc-Danie and
                  Williams, Chris and Reich, Michael and Winckler,
                  Wendy and Getz, Gad},
  title = {RNA-SeQC: RNA-seq metrics for quality control and process optimization},
  journal = {Bioinformatics},
  year = 2012}

@article{RSeQC,
  author = {Wang, Liguo and Wnag, Shengqin and Li, Wei},
  title = {RSeQC: quality control of RNA-seq experiments},
  journal = {Bioinformatics},
  year = 2012}

@article{ChIPseeker,
  author = {Yu, Guangchuang and Wang, Li-Gen and He, Qing-Yu},
  title = {ChIPseeker: an R/Bioconductor package for ChIP peak
                  annotation, comparison and visualization},
  journal = {Bioinformatics},
  year = 2015}

@article{encode_qc,
  author = {Landt, Stephen and Marinov, Georgi and Kundaje, Anshul and
                  Kheradpour, Pouya and Pauli, Florencia and
                  Batzoglou, Serafim and Bernstein, Bradley and
                  Bickel, Peter and Brown, James and Cayting, Philip
                  and Chen, Yiwen and DeSalvo, Gilberto and Epstein,
                  Charles and Fisher-Aylor, Catherine and Euskirchen,
                  Ghia and Gerstein, Mark and Gertz, Jason and
                  Hartemink, Alexander and Hoffman, Michael and Iyer,
                  Vishwanath and Jung, Youngsook and Karmakar,
                  Subhradip and Kellis, Manolis and Kharchenko, Peter
                  and Li, Qunhua and Liu, Tao and Liu, Shirley and Ma,
                  Lijia and Milosavljevic, Aleksandar and Myers,
                  Richard and Park, Peter and Pazin, Michael and
                  Perry, Marc and Raha, Debasish and Reddy, Timothy
                  and Rozowsky, Joel and Shoresh, Noam and Sidow,
                  Arend and Slattery, Matthew and Stamatoyannopoulos,
                  John and Tolstorukov, Michael and White, Kevin and
                  Xi, Simon and Farnham, Peggy and Lieb, Jason and
                  Wold, Barbara and Snyder, Michael},
  tittle = {ChIP-seq guidelines and practices of the ENCODE and
                  modENCODE consortia},
  journal = {Genome Research},
  year = 2012}

